<?xml version="1.0" encoding="UTF-8"?>
<collection xmlns:xsi="http://www.w3.org/2001/XMLSchema-instance" xsi:schemaLocation="http://www.loc.gov/MARC21/slim http://www.loc.gov/standards/marcxml/schema/MARC21slim.xsd" xmlns="http://www.loc.gov/MARC21/slim">
<record>
  <leader>00622cam a22001811i 4500</leader>
  <controlfield tag="001">1652538</controlfield>
  <controlfield tag="003">NNC</controlfield>
  <controlfield tag="005">20160623143626.0</controlfield>
  <controlfield tag="008">950522s1955    ti a          000 0 ara d</controlfield>
  <datafield tag="035" ind1=" " ind2=" ">
    <subfield code="a">(OCoLC)ocm32515081</subfield>
  </datafield>
  <datafield tag="035" ind1=" " ind2=" ">
    <subfield code="9">AKR6664CU</subfield>
  </datafield>
  <datafield tag="035" ind1=" " ind2=" ">
    <subfield code="a">(NNC)1652538</subfield>
  </datafield>
  <datafield tag="040" ind1=" " ind2=" ">
    <subfield code="a">ZCU</subfield>
    <subfield code="c">ZCU</subfield>
  </datafield>
  <datafield tag="110" ind1="2" ind2=" ">
    <subfield code="a">Ḥizb al-Ḥurr al-Dustūrī al-Tūnisī.</subfield>
  </datafield>
  <datafield tag="245" ind1="0" ind2="3">
    <subfield code="a">al-Muʾtamar al-Waṭanī bi-Ṣaifāqis,</subfield>
    <subfield code="b">min 15 ilā 19 Nofembir 1955 /</subfield>
    <subfield code="c">al-Ḥizb al-Ḥurr al-Dustūrī al-Tūnisī.</subfield>
  </datafield>
  <datafield tag="260" ind1=" " ind2=" ">
    <subfield code="a">[Tūnis?] :</subfield>
    <subfield code="b">al-Shirkah al-Tūnisīyah li-Funūn al-Rasm,</subfield>
    <subfield code="c">[1955]</subfield>
  </datafield>
  <datafield tag="300" ind1=" " ind2=" ">
    <subfield code="a">110 p. :</subfield>
    <subfield code="b">ill. ;</subfield>
    <subfield code="c">27 cm.</subfield>
  </datafield>
  <datafield tag="955" ind1=" " ind2=" ">
    <subfield code="b">CU57775524</subfield>
    <subfield code="d">off,leh</subfield>
    <subfield code="e">JQ3339.A55 H59</subfield>
  </datafield>
</record>
</collection>